<?xml version="1.0" encoding="UTF-8"?><collection xmlns="http://www.loc.gov/MARC21/slim"><record><leader>00506nam--2200193-u-4500</leader><controlfield tag="001">000054237</controlfield><controlfield tag="002">20161230</controlfield><controlfield tag="005">20161230201051</controlfield><controlfield tag="008">110919s1000------------r-----000-0-rus-d</controlfield><datafield ind1=" " ind2=" " tag="040"><subfield code="a">IFIN-HH</subfield></datafield><datafield ind1=" " ind2=" " tag="041"><subfield code="a">rus</subfield></datafield><datafield ind1=" " ind2=" " tag="080"><subfield code="a">621.795</subfield></datafield><datafield ind1="1" ind2=" " tag="100"><subfield code="a">Konovalov, E.G</subfield></datafield><datafield ind1="1" ind2="0" tag="245"><subfield code="a">Osnovi elektro-ferromagnitnoi obrabotki</subfield><subfield code="c">E.g. konovalov, f.iu. sakulevici</subfield></datafield><datafield ind1=" " ind2=" " tag="260"><subfield code="a">Minsk</subfield><subfield code="b">Nauka I Tehnika</subfield><subfield code="c">1974</subfield></datafield><datafield ind1=" " ind2=" " tag="300"><subfield code="a">270P</subfield></datafield><datafield ind1="1" ind2=" " tag="700"><subfield code="a">Sakulevici, F.Iu</subfield></datafield><datafield ind1=" " ind2=" " tag="852"><subfield code="a">75057</subfield><subfield code="c">538.221</subfield></datafield><datafield ind1=" " ind2=" " tag="CAT"><subfield code="a">Sys</subfield><subfield code="c">20110919</subfield><subfield code="h">140453</subfield></datafield></record></collection>